
@article{bauer2018energy,
  title={Energy--enstrophy conserving compatible finite element schemes for the rotating shallow water equations with slip boundary conditions},
  author={Bauer, Werner and Cotter, Colin J},
  journal={Journal of Computational Physics},
  volume={373},
  pages={171--187},
  year={2018},
  publisher={Elsevier}
}

@article{bell2017numerical,
  title={Numerical instabilities of vector-invariant momentum equations on rectangular C-grids},
  author={Bell, Michael J and Peixoto, Pedro S and Thuburn, John},
  journal={Quarterly Journal of the Royal Meteorological Society},
  volume={143},
  number={702},
  pages={563--581},
  year={2017},
  publisher={Wiley Online Library}
}

@article{bendall2019recovered,
  title={The ‘recovered space’advection scheme for lowest-order compatible finite element methods},
  author={Bendall, Thomas M and Cotter, Colin J and Shipton, Jemma},
  journal={Journal of Computational Physics},
  volume={390},
  pages={342--358},
  year={2019},
  publisher={Elsevier}
}

@article{bendall2020compatible,
  title={A compatible finite-element discretisation for the moist compressible Euler equations},
  author={Bendall, Thomas M and Gibson, Thomas H and Shipton, Jemma and Cotter, Colin J and Shipway, Ben},
  journal={Quarterly Journal of the Royal Meteorological Society},
  volume={146},
  number={732},
  pages={3187--3205},
  year={2020},
  publisher={Wiley Online Library}
}

@article{cotter2012mixed,
  title={Mixed finite elements for numerical weather prediction},
  author={Cotter, Colin J and Shipton, Jemma},
  journal={Journal of Computational Physics},
  volume={231},
  number={21},
  pages={7076--7091},
  year={2012},
  publisher={Elsevier}
}

@article{cotter2023compatible,
  title={Compatible finite element methods for geophysical fluid dynamics},
  author={Cotter, Colin J},
  journal={Acta Numerica},
  volume={32},
  pages={291--393},
  year={2023},
  publisher={Cambridge University Press}
}

@article{mcrae2014energy,
  title={Energy-and enstrophy-conserving schemes for the shallow-water equations, based on mimetic finite elements},
  author={McRae, Andrew TT and Cotter, Colin J},
  journal={Quarterly Journal of the Royal Meteorological Society},
  volume={140},
  number={684},
  pages={2223--2234},
  year={2014},
  publisher={Wiley Online Library}
}

@article{natale2016compatible,
  title={Compatible finite element spaces for geophysical fluid dynamics},
  author={Natale, Andrea and Shipton, Jemma and Cotter, Colin J},
  journal={Dynamics and Statistics of the Climate System},
  volume={1},
  number={1},
  year={2016},
  publisher={Oxford University Press}
}

@article{staniforth2012horizontal,
  title={Horizontal grids for global weather and climate prediction models: a review},
  author={Staniforth, Andrew and Thuburn, John},
  journal={Quarterly Journal of the Royal Meteorological Society},
  volume={138},
  number={662},
  pages={1--26},
  year={2012},
  publisher={Wiley Online Library}
}

@article{williamson1992standard,
  title={A standard test set for numerical approximations to the shallow water equations in spherical geometry},
  author={Williamson, David L and Drake, John B and Hack, James J and Jakob, R{\"u}diger and Swarztrauber, Paul N},
  journal={Journal of computational physics},
  volume={102},
  number={1},
  pages={211--224},
  year={1992},
  publisher={Elsevier}
}

@article{wimmer2020energy,
  title={Energy conserving upwinded compatible finite element schemes for the rotating shallow water equations},
  author={Wimmer, Golo A and Cotter, Colin J and Bauer, Werner},
  journal={Journal of Computational Physics},
  volume={401},
  pages={109016},
  year={2020},
  publisher={Elsevier}
}

@article{wimmer2021energy,
  title={Energy conserving SUPG methods for compatible finite element schemes in numerical weather prediction},
  author={Wimmer, Golo A and Cotter, Colin J and Bauer, Werner},
  journal={The SMAI Journal of computational mathematics},
  volume={7},
  pages={267--300},
  year={2021}
}

@article{yamazaki2017vertical,
  title={Vertical slice modelling of nonlinear Eady waves using a compatible finite element method},
  author={Yamazaki, Hiroe and Shipton, Jemma and Cullen, Michael JP and Mitchell, Lawrence and Cotter, Colin J},
  journal={Journal of Computational Physics},
  volume={343},
  pages={130--149},
  year={2017},
  publisher={Elsevier}
}

@book{zeitlin2018geophysical,
  title={Geophysical fluid dynamics: understanding (almost) everything with rotating shallow water models},
  author={Zeitlin, Vladimir},
  year={2018},
  publisher={Oxford University Press}
}
